@article{HendrycksDan2023AOoC,
    author = {Hendrycks, Dan and Mazeika, Mantas and Woodside, Thomas},
    copyright = {http://arxiv.org/licenses/nonexclusive-distrib/1.0},
    language = {eng},
    title = {An Overview of Catastrophic AI Risks},
    year = {2023},
    }

